@article{example2023,
  title={Example Research Paper},
  author={Smith, John and Doe, Jane},
  journal={Journal of Example Studies},
  volume={1},
  number={1},
  pages={1--10},
  year={2023},
  publisher={Example Publishing}
}

@article{cnn2012,
  title={ImageNet Classification with Deep Convolutional Neural Networks},
  author={Krizhevsky, Alex and Sutskever, Ilya and Hinton, Geoffrey E},
  journal={Advances in Neural Information Processing Systems},
  volume={25},
  pages={1097--1105},
  year={2012},
  publisher={Curran Associates, Inc.}
}

@article{plant2019,
  title={Deep Learning for Plant Species Classification: A Survey},
  author={W{\"a}ldchen, Jana and Mader, Patrick},
  journal={Plant Methods},
  volume={15},
  number={1},
  pages={1--22},
  year={2019},
  publisher={BioMed Central}
}

@article{leaf2020,
  title={Leaf Classification Using Deep Learning: A Survey},
  author={Kumar, N and Belhumeur, P N and Biswas, A and Jacobs, D W and Kress, W J and Lopez, I C and Soares, J V B},
  journal={ACM Computing Surveys},
  volume={53},
  number={2},
  pages={1--35},
  year={2020},
  publisher={ACM New York, NY}
}

@article{lecun2015deep,
  title={Deep learning},
  author={LeCun, Yann and Bengio, Yoshua and Hinton, Geoffrey},
  journal={Nature},
  volume={521},
  number={7553},
  pages={436--444},
  year={2015},
  publisher={Nature Publishing Group}
}

@article{krizhevsky2012imagenet,
  title={Imagenet classification with deep convolutional neural networks},
  author={Krizhevsky, Alex and Sutskever, Ilya and Hinton, Geoffrey E},
  journal={Advances in Neural Information Processing Systems},
  volume={25},
  pages={1097--1105},
  year={2012}
}

@article{simonyan2014very,
  title={Very deep convolutional networks for large-scale image recognition},
  author={Simonyan, Karen and Zisserman, Andrew},
  journal={arXiv preprint arXiv:1409.1556},
  year={2014}
}

@article{wu2019plant,
  title={Plant species classification using deep convolutional neural network},
  author={Wu, SG and Bao, FS and Xu, EY and Wang, YX and Chang, YF and Xiang, QL},
  journal={Biosystems Engineering},
  volume={182},
  pages={151--162},
  year={2019},
  publisher={Elsevier}
}

@article{pawara2017comparing,
  title={Comparing local descriptors and bags of visual words to deep convolutional neural networks for plant recognition},
  author={Pawara, Pornntiwa and Okafor, Emmanuel and Surinta, Olarik and Schomaker, Lambert and Wiering, Marco},
  journal={Pattern Recognition and Image Analysis},
  volume={27},
  pages={351--362},
  year={2017},
  publisher={Springer}
} 